@article{cite-article,
  author   = "P. J. Cohen",
  title    = "The independence of the continuum hypothesis",
  journal  = "Proceedings of the National Academy of Sciences",
  year     = 1963,
  volume   = "50",
  number   = "6",
  pages    = "1143--1148",
}


@inbook{cite-book,
  author    = "Lisa A. Urry and Michael L. Cain and Steven A. Wasserman and Peter V. Minorsky and Jane B. Reece",
  title     = "Photosynthesis",
  booktitle = "Campbell Biology",
  year      = "2016",
  publisher = "Pearson",
  address   = "New York, NY",
  pages     = "187--221"
}


@manual{cite-manual,
  title        = "{R}: A Language and Environment for Statistical Computing",
  author       = "{R Core Team}",
  organization = "R Foundation for Statistical Computing",
  address      = "Vienna, Austria",
  year         = 2018
}


@misc{cite-misc,
  title        = "Pluto: The 'Other' Red Planet",
  author       = "{NASA}",
  howpublished = "\url{https://www.nasa.gov/nh/pluto-the-other-red-planet}",
  year         = 2015,
  note         = "Accessed: 2018-12-06"
}


@misc{bibtex-reference-types,
  title        = "The 14 {B}ib{T}e{X} entry types",
  author       = "{Paperpile}",
  howpublished = "\url{https://www.bibtex.com/e/entry-types/}",
  year         = 2022,
  note         = "Accessed: 2022-11-20"
}